
    <record>
        <leader>00000nz  a2200169   4500</leader>
        <controlfield tag="001">30003860</controlfield>
        <controlfield tag="003">RISM</controlfield>
        <controlfield tag="005">20160216</controlfield>
        <controlfield tag="008">160216n||az|||||||##########||||||||||||</controlfield>
        <datafield tag="040" ind1=" " ind2=" ">
            <subfield code="a">TA-Df</subfield>
        </datafield>
        <datafield tag="043" ind1=" " ind2=" ">
            <subfield code="c">XB-TJ</subfield>
        </datafield>
        <datafield tag="110" ind1="2" ind2=" ">
            <subfield code="a">Biblioteka im. Firdousi</subfield>
            <subfield code="c">Dušanbe</subfield>
            <subfield code="g">TA-Df</subfield>
        </datafield>
        <datafield tag="622" ind1=" " ind2=" ">
            <subfield code="e">Biblioteka im. Firdousi, Dušanbe</subfield>
        </datafield>
    </record>